@article{duffy1990measuring,
  title = {{Measuring building performance}},
  author = {Duffy, Francis},
  journal = {Facilities},
  volume = {8},
  number = {5},
  pages = {17--20},
  year = {1990},
  publisher = {MCB UP Ltd},
}


@article{Marty_2005,
  doi = {10.2307/40323865},
  url = {http://dx.doi.org/10.2307/40323865},
  year = {2005},
  publisher = {{JSTOR}},
  volume = {46},
  number = {2},
  pages = {115},
  author = {Paul F. Marty},
  title = {{So You Want to Work in a Museum . . . Guiding the Careers of Future Museum Information Professionals}},
  journal = {Journal of Education for Library and Information Science},
}
